%% This BibTeX bibliography file was created using BibDesk.
%% https://bibdesk.sourceforge.io/

%% Created for Steve Annen at 2019-10-04 08:44:48 +0200 


%% Saved with string encoding Unicode (UTF-8) 
 
\begin{comment} 
@MISC{template,
	HOWPUBLISHED = "\url{ }",
	AUTHOR = "\textsc{ }",
	TITLE = "\textit{ }",
	MONTH = " ",
	YEAR = " ",
	NOTE = "Last accessed on "
}
\end{comment}

@MISC{lowIqApp,
	HOWPUBLISHED = "\url{https://www.ti.com.cn/lit/wp/slyy203a/slyy203a.pdf}",
    AUTHOR = "\textsc{Texas Instruments Incorporated}",
    TITLE = "\textit{Overcoming Low-IQ Challenges in Low-Power Applications}",
    MONTH = "September",
    YEAR = "2021",
    NOTE = "Last accessed on 04.10.2022"
}

@MISC{IqIntro,
	HOWPUBLISHED = "\url{slyt412.pdf}",
    AUTHOR = "\textsc{Texas Instruments Incorporated}",
    TITLE = "\textit{IQ: What it is, what it isn’t, and how to use it}",
    MONTH = "February",
    YEAR = "2011",
    NOTE = "Last accessed on 04.10.2022"
}

@MISC{rhcpDef,
	HOWPUBLISHED = "\url{https://oscarliang.com/linear-circular-polarized-antenna-fpv/}",
    AUTHOR = "\textsc{Oscar Liang}",
    TITLE = "\textit{Circular or Linear Polarized Antenna For FPV}",
    MONTH = "May",
    YEAR = "2017",
    NOTE = "Last accessed on 21.10.2022"
}

@MISC{nlosDef,
	HOWPUBLISHED = "\url{https://www.techopedia.com/definition/5077/non-line-of-sight-nlos}",
    AUTHOR = "\textsc{Techopedia Inc.}",
    TITLE = "\textit{Non-Line Of Sight (NLOS)}",
    MONTH = "October",
    YEAR = "2022",
    NOTE = "Last accessed on 21.10.2022"
}

@MISC{gnssDef,
	HOWPUBLISHED = "\url{https://www.gps.gov/systems/gnss/}",
    AUTHOR = "\textsc{U.S. government}",
    TITLE = "\textit{Other Global Navigation Satellite Systems (GNSS)}",
    MONTH = "October ",
    YEAR = "2021",
    NOTE = "Last accessed on 21.10.22"
}

@MISC{gpsDef,
	HOWPUBLISHED = "\url{https://www.gps.gov/systems/gps/}",
    AUTHOR = "\textsc{U.S. government}",
    TITLE = "\textit{The Global Positioning System}",
    MONTH = "February",
    YEAR = "2021",
    NOTE = "Last accessed on 21.10.22"
}

@MISC{aboutNordicSemi,
	HOWPUBLISHED = "\url{https://www.nordicsemi.com/About-us}",
    AUTHOR = "\textsc{Nordic Semiconductor}",
    TITLE = "\textit{About Nordic Semiconductor}",
    MONTH = "October",
    YEAR = "2022",
    NOTE = "Last accessed on 20.10.22"
}

@MISC{nRFConnectForDesktop,
	HOWPUBLISHED = "\url{https://www.nordicsemi.com/Products/Development-tools/nrf-connect-for-desktop}",
    AUTHOR = "\textsc{Nordic Semiconductor}",
    TITLE = "\textit{nRF Connect for Desktop}",
    MONTH = "October",
    YEAR = "2022",
    NOTE = "Last accessed on 22.10.22"
}

@MISC{nRFConnectSDK,
	HOWPUBLISHED = "\url{https://developer.nordicsemi.com/nRF_Connect_SDK/doc/latest/nrf/introduction.html}",
    AUTHOR = "\textsc{Nordic Semiconductor}",
    TITLE = "\textit{nRF Connect SDK}",
    MONTH = "October",
    YEAR = "2022",
    NOTE = "Last accessed on 12.10.22"
}

@MISC{zephyrProject,
	HOWPUBLISHED = "\url{https://developer.nordicsemi.com/nRF_Connect_SDK/doc/latest/zephyr/index.html}",
    AUTHOR = "\textsc{Nordic Semiconductor}",
    TITLE = "\textit{Zephyr Project}",
    MONTH = "October",
    YEAR = "2022",
    NOTE = "Last accessed on 01.01.23"
}

@MISC{nrfx,
	HOWPUBLISHED = "\url{https://developer.nordicsemi.com/nRF_Connect_SDK/doc/latest/nrfx/index.html}",
    AUTHOR = "\textsc{Nordic Semiconductor}",
    TITLE = "\textit{nrfx}",
    MONTH = "October",
    YEAR = "2022",
    NOTE = "Last accessed on 02.01.23"
}

@MISC{nrfxlib,
	HOWPUBLISHED = "\url{https://developer.nordicsemi.com/nRF_Connect_SDK/doc/latest/nrfxlib/README.html}",
    AUTHOR = "\textsc{Nordic Semiconductor}",
    TITLE = "\textit{nrfxlib}",
    MONTH = "October",
    YEAR = "2022",
    NOTE = "Last accessed on 02.01.23"
}

@MISC{litBatTech,
	HOWPUBLISHED = "\url{https://www.epectec.com/batteries/lithium-battery-technologies.html}",
    AUTHOR = "\textsc{epec Engineered Technologies}",
    TITLE = "\textit{LITHIUM BATTERY TECHNOLOGIES}",
    MONTH = "October",
    YEAR = "2022",
    NOTE = "Last accessed on 02.01.23"
}


@MISC{LIR2450,
	HOWPUBLISHED = "\url{https://www.digitec.ch/fr/s1/product/rs-pro-lir2450-1-pcs-cr2450-pile-22172075?dbq=1&gclid=CjwKCAiAwc-dBhA7EiwAxPRylI5u15G5ruTt9OUGoveKAXCPBLyYFrDU9kMNHoJpUkYGWhvW3V29CRoCNq8QAvD_BwE&gclsrc=aw.ds}",
    AUTHOR = "\textsc{Digitech}",
    TITLE = "\textit{Rs Pro LIR2450}",
    MONTH = "January",
    YEAR = "2023",
    NOTE = "Last accessed on 03.01.23"
}

@MISC{roundLipoCell,
	HOWPUBLISHED = "\url{https://www.lipobatteries.net/round-batteries-lipo-batteries/?gclid=CjwKCAjw4c-ZBhAEEiwAZ105RX8Azw6KB6wsIyJEvjvE5rbJ1aTCsIm96O8KaHRYiIxzyMVE7ml5axoCU1sQAvD_BwE}",
    AUTHOR = "\textsc{LiPol Battery Co. Ltd ®}",
    TITLE = "\textit{Round LiPo Battery Cells}",
    MONTH = "January",
    YEAR = "2023",
    NOTE = "Last accessed on 03.01.23"
}

@MISC{503535RLipo,
	HOWPUBLISHED = "\url{https://www.vatsbattery.com/product/503535-3-8v-580mah-round-lipo-battery-cells}",
    AUTHOR = "\textsc{Shenzhen VATS Power Source}",
    TITLE = "\textit{503535 3.8v 580mAh round lipo battery cells}",
    MONTH = "January",
    YEAR = "2023",
    NOTE = "Last accessed on 03.01.23"
}

@MISC{rjdLiIon,
	HOWPUBLISHED = "\url{https://www.mouser.ch/datasheet/2/88/RJD-2944769.pdf}",
    AUTHOR = "\textsc{Cornell Dubilier}",
    TITLE = "\textit{RJD - Rechageable LI-ION Batrteries}",
    MONTH = "January",
    YEAR = "2023",
    NOTE = "Last accessed on 03.01.23"
}

@MISC{bq25180DS,
	HOWPUBLISHED = "\url{https://www.ti.com/lit/ds/symlink/bq25180.pdf}",
    AUTHOR = "\textsc{Texas Instruments}",
    TITLE = "\textit{BQ25180 I2C Controlled, 1-Cell, 1-A Linear Battery Charger with Power Path and Ship Mode}",
    MONTH = "January",
    YEAR = "2023",
    NOTE = "Last accessed on 30.01.23"
}

@MISC{TPS63036,
	HOWPUBLISHED = "\url{https://www.ti.com/lit/ds/symlink/tps63036.pdf}",
    AUTHOR = "\textsc{Texas Instruments}",
    TITLE = "\textit{High-Efficiency Buck-Boost Converter in Tiny Wafer Chip Scale Package}",
    MONTH = "August",
    YEAR = "2019",
    NOTE = "Last accessed on 30.01.23"
}

@MISC{nRF9160,
	HOWPUBLISHED = "\url{https://infocenter.nordicsemi.com/pdf/nRF9160_PS_v2.1.pdf}",
    AUTHOR = "\textsc{Nordic Semiconductor}",
    TITLE = "\textit{nRF9160 Product Specification v2.1}",
    MONTH = "October",
    YEAR = "2021",
    NOTE = "Last accessed on 30.01.23"
}

@MISC{nRF9160DK,
	HOWPUBLISHED = "\url{https://infocenter.nordicsemi.com/pdf/nRF9160_DK_HW_User_Guide_v1.1.0.pdf}",
    AUTHOR = "\textsc{Nordic Semiconductor}",
    TITLE = "\textit{nRF9160 DK PCA 10090 v0.9.0 User Guide v0.9}",
    MONTH = "July",
    YEAR = "2019",
    NOTE = "Last accessed on 30.01.23"
}
@MISC{TPS7A03,
	HOWPUBLISHED = "\url{https://www.ti.com/lit/ds/symlink/tps7a03.pdf}",
    AUTHOR = "\textsc{Texas Instruments}",
    TITLE = "\textit{TPS7A03 Nanopower IQ, 200-nA, 200-mA, Low-Dropout Voltage Regulator With Fast Transient Response}",
    MONTH = "September",
    YEAR = "2022",
    NOTE = "Last accessed on 30.01.23"
}

@MISC{BQ51013B,
	HOWPUBLISHED = "\url{https://www.ti.com/lit/ds/symlink/bq51013b.pdf}",
    AUTHOR = "\textsc{Texas Instruments}",
    TITLE = "\textit{BQ51013B Highly Integrated Wireless Receiver Qi (WPC v1.2) Compliant Power Supply}",
    MONTH = "September",
    YEAR = "2022",
    NOTE = "Last accessed on 30.01.23"
}

@MISC{niceview,
	HOWPUBLISHED = "\url{https://nicekeyboards.com/docs/nice-view/pinout-schematic}",
	AUTHOR = "\textsc{Nice Technologies LLC}",
    TITLE = "\textit{nice!view / Pinout and Schematic}",
    MONTH = "September",
    YEAR = "2022",
    NOTE = "Last accessed on 30.01.23"
}

@MISC{LS011B7DH03,
	HOWPUBLISHED = "\url{https://www.sharpsde.com/fileadmin/products/Displays/Specs/LS011B7DH03_24Nov17_Spec_LD-29Y03.pdf}",
	AUTHOR = "\textsc{Sharp Corporation \& Display Device Company}",
    TITLE = "\textit{DEVICE SPECIFICATION FOR LCD Module}",
    MONTH = "November",
    YEAR = "2017",
    NOTE = "Last accessed on 30.01.23"
}

@MISC{MAXM10S,
	HOWPUBLISHED = "\url{https://content.u-blox.com/sites/default/files/MAX-M10S_DataSheet_UBX-20035208.pdf}",
	AUTHOR = "\textsc{u-blox AG}",
    TITLE = "\textit{MAX-M10S - Standard precision GNSS module Professional grade - Data sheet}",
    MONTH = "June",
    YEAR = "2022",
    NOTE = "Last accessed on 30.01.23"
}


@MISC{GNSSANT,
	HOWPUBLISHED = "\url{https://ignion.io/files/DS_NN03-320.pdf}",
	AUTHOR = "\textsc{ignion}",
    TITLE = "\textit{DATASHEET - DUO mXTENDTM (NN03-320)}",
    MONTH = "October",
    YEAR = "2022",
    NOTE = "Last accessed on 30.01.23"
}

@MISC{LTEANT,
	HOWPUBLISHED = "\url{https://datasheets.kyocera-avx.com/ethertronics/AVX-E_P822601-P822602.pdf}",
	AUTHOR = "\textsc{Kyocera AVX}",
    TITLE = "\textit{Part No. P822601/P822602 Universal Broadband FR4 Embedded LTE/LPWA Antenna}",
    MONTH = "October",
    YEAR = "2022",
    NOTE = "Last accessed on 30.01.23"
}

@MISC{FTDIUSB,
	HOWPUBLISHED = "\url{http://www.ftdichip.com/Support/Documents/DataSheets/ICs/DS_FT234XD.pdf}",
	AUTHOR = "\textsc{Future Technology Devices International Ltd.}",
    TITLE = "\textit{Datasheet - FT234XD (USB to BASIC UART IC)}",
    YEAR = "2015",
    MONTH = "September",
    NOTE = "Last accessed on 30.01.23"
}

@MISC{MC3635,
	HOWPUBLISHED = "\url{https://datasheetspdf.com/pdf-file/1085791/mCube/MC3635/1}",
	AUTHOR = "\textsc{mCube}",
    TITLE = "\textit{MC3635 3-Axis Accelerometer - Preliminary Datasheet}",
    YEAR = "2015",
    MONTH = "April",
    NOTE = "Last accessed on 30.01.23"
}

@MISC{nrf9160brief,
	HOWPUBLISHED = "\url{https://www.nordicsemi.com/-/media/Software-and-other-downloads/Product-Briefs/nRF9160-SiP-product-brief.pdf?sc_trk={Download%20product%20brief}}",
	AUTHOR = "\textsc{Nordi Semiconductor}",
    TITLE = "\textit{nRF9160 cellular IoT System-in-Package}",
    YEAR = "2021",
    MONTH = "September",
    NOTE = "Last accessed on 30.01.23"
}

@MISC{nrfcldlocsrvc,
	HOWPUBLISHED = "\url{https://www.nordicsemi.com/Products/Cloud-services}",
	AUTHOR = "\textsc{Nordi Semiconductor}",
    TITLE = "\textit{Cloud Services The IoT cloud services optimized for ultra-low power Nordic Semiconductor devices}",
    YEAR = "2021",
    MONTH = "October",
    NOTE = "Last accessed on 02.02.23"
}

@MISC{wrkngnrf9160,
	HOWPUBLISHED = "\url{https://developer.nordicsemi.com/nRF_Connect_SDK/doc/latest/nrf/ug_nrf91.html}",
	AUTHOR = "\textsc{Nordi Semiconductor}",
    TITLE = "\textit{Working with nRF91 Series}",
    YEAR = "2023",
    MONTH = "February",
    NOTE = "Last accessed on 05.02.23"
}

@MISC{SHARPMIP,
	HOWPUBLISHED = "\url{https://www.sharpsde.com/technologies-for/memory-in-pixels/}",
	AUTHOR = "\textsc{SHARP DEVICE EUROPE}",
    TITLE = "\textit{Introducing Sharp Memory-in-Pixel LCDs}",
    YEAR = "2023",
    MONTH = "January",
    NOTE = "Last accessed on 07.02.23"
}


@MISC{lcd_modul_img,
	HOWPUBLISHED = "\url{https://www.newvisiondisplay.com/lcd-modes/}",
	AUTHOR = "\textsc{Niew Vision Display}",
    TITLE = "\textit{ntroducing Sharp Memory-in-Pixel LCDs}",
    YEAR = "2017",
    MONTH = "March",
    NOTE = "Last accessed on 07.02.23"
}

@MISC{motor1,
	HOWPUBLISHED = "Technical data-T901A-T-2946a-26.10.2022.pdf",
	AUTHOR = "\textsc{Watch Division}",
    TITLE = "\textit{TECHNICAL DATA FOR TITAN (Bi-Directional) - T901A}",
    YEAR = "2019",
    MONTH = "August",
    NOTE = "Last accessed on 07.02.23"
}

@MISC{motor2,
	HOWPUBLISHED = "Technical data-T902A-T-2947b-26.10.2022.pdf",
	AUTHOR = "\textsc{Watch Division}",
    TITLE = "\textit{TECHNICAL DATA FOR TITAN (Bi-Directional) - T901A}",
    YEAR = "2019",
    MONTH = "August",
    NOTE = "Last accessed on 07.02.23"
}

@MISC{ublox_m10,
	HOWPUBLISHED = "\url{https://www.u-blox.com/en/u-blox-m10-ultra-low-power-platform}",
	AUTHOR = "\textsc{Watch Division}",
    TITLE = "\textit{u-blox M10 ultra low power platform}",
    YEAR = "2020",
    MONTH = "November",
    NOTE = "Last accessed on 07.02.23"
}

@MISC{sparkfun_m10s,
	HOWPUBLISHED = "\url{https://www.sparkfun.com/products/18037}",
	AUTHOR = "\textsc{Sparkfun}",
    TITLE = "\textit{SparkFun GNSS Receiver Breakout - MAX-M10S (Qwiic)}",
    YEAR = "2019",
    MONTH = "August",
    NOTE = "Last accessed on 07.02.23"
}

@MISC{rf_inter_mit,
	HOWPUBLISHED = "\url{https://insidegnss.com/gnss-interference-mitigation-modulations-measurements-and-position-impact}",
	AUTHOR = "\textsc{Inside GNSS}",
    TITLE = "\textit{GNSS Interference Mitigation: Modulations, Measurements and Position Impact}",
    YEAR = "2021",
    MONTH = "August",
    NOTE = "Last accessed on 08.02.23"
}

@MISC{spoofing,
	HOWPUBLISHED = "\url{https://novatel.com/products/grit/gnss-spoofing-detection}",
	AUTHOR = "\textsc{HEXAGON }",
    TITLE = "\textit{GNSS Spoofing Detection - Identifying GNSS Spoofing}",
    YEAR = "2023",
    MONTH = "February",
    NOTE = "Last accessed on 08.02.23"
}

@MISC{jamming,
	HOWPUBLISHED = "\url{https://www.militaryaerospace.com/unmanned/article/16714759/gps-jamming-is-a-growing-threat-to-satellite-navigation-positioning-and-precision-timing}",
	AUTHOR = "\textsc{John Keller}",
    TITLE = "\textit{GPS jamming is a growing threat to satellite navigation, positioning, and precision timing}",
    YEAR = "2016",
    MONTH = "June",
    NOTE = "Last accessed on 08.02.23"
}

@MISC{LTE,
	HOWPUBLISHED = "\url{https://en.wikipedia.org/wiki/LTE_(telecommunication)}",
	AUTHOR = "\textsc{Wikipedia}",
    TITLE = "\textit{LTE (telecommunication)}",
    YEAR = "2023",
    MONTH = "January",
    NOTE = "Last accessed on 08.02.23"
}

@MISC{LTEM_NBIOT,
	HOWPUBLISHED = "\url{https://www.nordicsemi.com/Products/Low-power-cellular-IoT/What-is-cellular-IoT}",
	AUTHOR = "\textsc{Nordic Semiconductor}",
    TITLE = "\textit{GPS jamming is a growing threat to satellite navigation, positioning, and precision timing}",
    YEAR = "2020",
    MONTH = "June",
    NOTE = "Last accessed on 08.02.23"
}

@MISC{MQTT,
	HOWPUBLISHED = "\url{https://en.wikipedia.org/wiki/MQTT}",
	AUTHOR = "\textsc{Wikipedia}",
    TITLE = "\textit{LTE (telecommunication)}",
    YEAR = "2023",
    MONTH = "January",
    NOTE = "Last accessed on 08.02.23"
}

@MISC{MAXM10SINT,
	HOWPUBLISHED = "\url{https://content.u-blox.com/sites/default/files/MAX-M10S_IntegrationManual_UBX-20053088.pdf}",
	AUTHOR = "\textsc{Wikipedia}",
    TITLE = "\textit{MAX-M10S - Standard precision GNSS module - Integration manual}",
    YEAR = "2022",
    MONTH = "July",
    NOTE = "Last accessed on 08.02.23"
}

@MISC{SSM3J332R,
	HOWPUBLISHED = "\url{https://www.mouser.com/datasheet/2/408/SSM3J332R_datasheet_en_20181015-1150575.pdf}",
	AUTHOR = "\textsc{Toshiba}",
    TITLE = "\textit{TOSHIBA Field-Effect Transistor Silicon P-Channel MOS Type (U-MOSVI)}",
    YEAR = "2018",
    MONTH = "October",
    NOTE = "Last accessed on 08.02.23"
}

@MISC{PRTR5V0U2X,
	HOWPUBLISHED = "\url{https://assets.nexperia.com/documents/data-sheet/PRTR5V0U2X.pdf}",
	AUTHOR = "\textsc{Nexperia}",
    TITLE = "\textit{Ultra low capacitance double rail-to-rail ESD protection diode}",
    YEAR = "2021",
    MONTH = "July",
    NOTE = "Last accessed on 08.02.23"
}

@MISC{thingy91,
	HOWPUBLISHED = "\url{https://infocenter.nordicsemi.com/pdf/Thingy91_UG_v1.0.pdf}",
	AUTHOR = "\textsc{Nordic Semi}",
    TITLE = "\textit{Nordic Thingy:91}",
    YEAR = "2019",
    MONTH = "september",
    NOTE = "Last accessed on 08.02.23"
}

@MISC{BGS12PL6,
	HOWPUBLISHED = "\url{https://www.infineon.com/dgdl/Infineon-BGS12PL6-DS-v02_05-EN.pdf?fileId=db3a30433f1b26e8013f2db8ea4c385f}",
	AUTHOR = "\textsc{infineo}",
    TITLE = "\textit{General purpose RF CMOS power SPDT Switch in ultra small
package}",
    YEAR = "2015",
    MONTH = "April",
    NOTE = "Last accessed on 08.02.23"
}

@MISC{dtintro,
	HOWPUBLISHED = "\url{https://developer.nordicsemi.com/nRF_Connect_SDK/doc/latest/zephyr/build/dts/intro.html}",
	AUTHOR = "\textsc{Nordic Semiconductor}",
    TITLE = "\textit{Introduction to devicetree}",
    YEAR = "2023",
    MONTH = "February",
    NOTE = "Last accessed on 14.02.23"
}

@MISC{dt_zephyr_user,
	HOWPUBLISHED = "\url{https://docs.zephyrproject.org/latest/build/dts/zephyr-user-node.html}",
	AUTHOR = "\textsc{Zephyr Project members and individual contributors}",
    TITLE = "\textit{The zephyr,user node}",
    YEAR = "2023",
    MONTH = "February",
    NOTE = "Last accessed on 14.02.23"
}


@MISC{lvgl_lib,
	HOWPUBLISHED = "\url{https://github.com/lvgl/lvgl}",
	AUTHOR = "\textsc{LVGL Contributors}",
    TITLE = "\textit{LVGL - Github Repository}",
    YEAR = "2023",
    MONTH = "February",
    NOTE = "Last accessed on 15.02.23"
}

@MISC{ubx_lib,
	HOWPUBLISHED = "\url{https://github.com/u-blox/ubxlib}",
	AUTHOR = "\textsc{ubxlib Contributors}",
    TITLE = "\textit{ubxlib - Github Repository}",
    YEAR = "2023",
    MONTH = "February",
    NOTE = "Last accessed on 15.02.23"
}

@MISC{gnss_antenna_integr,
	HOWPUBLISHED = "\url{https://content.u-blox.com/sites/default/files/AntennaIntegration_ApplicationNote_UBX-18070466.pdf}",
	AUTHOR = "\textsc{u-blox AG}",
    TITLE = "\textit{Antenna integration - Antenna integration guidance}",
    YEAR = "2021",
    MONTH = "February",
    NOTE = "Last accessed on 16.02.23"
}

@MISC{gnss_ant_intro,
	HOWPUBLISHED = "\url{https://content.u-blox.com/sites/default/files/products/documents/GNSS-Antennas_AppNote_%28UBX-15030289%29.pdf}",
	AUTHOR = "\textsc{u-blox AG}",
    TITLE = "\textit{GNSS antennas - RF design considerations for u-blox GNSS receivers}",
    YEAR = "2019",
    MONTH = "October",
    NOTE = "Last accessed on 16.02.23"
}

@MISC{gnss_patch_antenna,
	HOWPUBLISHED = "\url{https://content.u-blox.com/sites/default/files/products/documents/GNSS-Antennas_AppNote_%28UBX-15030289%29.pdf}",
	AUTHOR = "\textsc{u-blox AG}",
    TITLE = "\textit{Design guide for small, high performance GNSS patch antenna applications}",
    YEAR = "2017",
    MONTH = "May",
    NOTE = "Last accessed on 16.02.23"
}



